%% paket R  ----

@Manual{R-base,
  title = {R: A Language and Environment for Statistical Computing},
  author = {{R Core Team}},
  organization = {R Foundation for Statistical Computing},
  address = {Vienna, Austria},
  year = {2018},
  url = {https://www.R-project.org/},
}
@Manual{R-bookdown,
  title = {bookdown: Authoring Books and Technical Documents with R Markdown},
  author = {Yihui Xie},
  year = {2018},
  note = {R package version 0.7},
  url = {https://CRAN.R-project.org/package=bookdown},
}
@Manual{R-car,
  title = {car: Companion to Applied Regression},
  author = {John Fox and Sanford Weisberg and Brad Price},
  year = {2018},
  note = {R package version 3.0-0},
  url = {https://CRAN.R-project.org/package=car},
}
@Manual{R-ggplot2,
  title = {ggplot2: Create Elegant Data Visualisations Using the Grammar of Graphics},
  author = {Hadley Wickham and Winston Chang},
  year = {2016},
  note = {R package version 2.2.1},
  url = {https://CRAN.R-project.org/package=ggplot2},
}
@Manual{R-ggthemes,
  title = {ggthemes: Extra Themes, Scales and Geoms for 'ggplot2'},
  author = {Jeffrey B. Arnold},
  year = {2018},
  note = {R package version 3.5.0},
  url = {https://CRAN.R-project.org/package=ggthemes},
}
@Manual{R-gridExtra,
  title = {gridExtra: Miscellaneous Functions for "Grid" Graphics},
  author = {Baptiste Auguie},
  year = {2017},
  note = {R package version 2.3},
  url = {https://CRAN.R-project.org/package=gridExtra},
}
@Manual{R-kableExtra,
  title = {kableExtra: Construct Complex Table with 'kable' and Pipe Syntax},
  author = {Hao Zhu},
  year = {2018},
  note = {R package version 0.9.0},
  url = {https://CRAN.R-project.org/package=kableExtra},
}
@Manual{R-knitr,
  title = {knitr: A General-Purpose Package for Dynamic Report Generation in R},
  author = {Yihui Xie},
  year = {2018},
  note = {R package version 1.20},
  url = {https://CRAN.R-project.org/package=knitr},
}
@Manual{R-lmtest,
  title = {lmtest: Testing Linear Regression Models},
  author = {Torsten Hothorn and Achim Zeileis and Richard W. Farebrother and Clint Cummins},
  year = {2018},
  note = {R package version 0.9-36},
  url = {https://CRAN.R-project.org/package=lmtest},
}
@Manual{R-normtest,
  title = {normtest: Tests for Normality},
  author = {Ilya Gavrilov and Ruslan Pusev},
  year = {2014},
  note = {R package version 1.1},
  url = {https://CRAN.R-project.org/package=normtest},
}
@Manual{R-plm,
  title = {plm: Linear Models for Panel Data},
  author = {Yves Croissant and Giovanni Millo and Kevin Tappe},
  year = {2017},
  note = {R package version 1.6-6},
  url = {https://CRAN.R-project.org/package=plm},
}
@Manual{R-rmarkdown,
  title = {rmarkdown: Dynamic Documents for R},
  author = {JJ Allaire and Yihui Xie and Jonathan McPherson and Javier Luraschi and Kevin Ushey and Aron Atkins and Hadley Wickham and Joe Cheng and Winston Chang},
  note = {https://rmarkdown.rstudio.com, https://github.com/rstudio/rmarkdown},
  year = {2018},
}
@Manual{R-scales,
  title = {scales: Scale Functions for Visualization},
  author = {Hadley Wickham},
  year = {2017},
  note = {R package version 0.5.0},
  url = {https://CRAN.R-project.org/package=scales},
}
@Manual{R-tidyverse,
  title = {tidyverse: Easily Install and Load the 'Tidyverse'},
  author = {Hadley Wickham},
  year = {2017},
  note = {R package version 1.2.1},
  url = {https://CRAN.R-project.org/package=tidyverse},
}


% Referensi ----
@Book{xie2015,
  title = {Dynamic Documents with {R} and knitr},
  author = {Yihui Xie},
  publisher = {Chapman and Hall/CRC},
  address = {Boca Raton, Florida},
  year = {2015},
  edition = {2nd},
  note = {ISBN 978-1498716963},
  url = {http://yihui.name/knitr/},
}

@Book{woolridge06,
  title = {Introductory econometrics: a modern approach},
  author = {Jeffrey M. Woolridge},
  address = {Mason, OH},
  year = {2006},
  publisher = {Thomson/South-Western},
  edition = {2nd},
}

@book{borjas13,
    author = {Borjas, George J.},
    year = {2013},
    title = {Labor Economics},
    publisher = {McGraw-Hill},
    edition = {6th},
}


@book{woolridge09,
    author = "Woolridge, Jeffrey M.",
    year = "2009",
    title = "Introductory Econometrics: A Modern Approach",
    publisher = "South-Western Cengage-Learning",
    edition = "4th",
}

@Book{baltagi05,
	title = {Econometric Analysis of Panel Data},
	author = {Badi H. Baltagi},
	publisher = {John Wiley & Sons Ltd},
	address = {The Atrium, Southern Gate, Chichester, West Sussex PO19 8SQ, England},
	year = {2005},
	edition = {3rd},
	isbn = {0-470-01456-3}
}

@Book{baltagi08,
	title = {Econometrics},
	author = {Badi H. Baltagi},
	publisher = {Springer},
	year = {2008},
	edition = {4th},
	isbn = {978-3-540-76515-8}
}

@Book{gujarati04,
	title = {Basic Econometrics},
	author = {Damoar N. Gujarati},
	year = {2004},
	edition = {4th},
	publisher = {McGraw-Hill Companies},
}

@Book{greene03,
	title = {Economic Analysis},
	author = {Willian H. Greene},
	year = {2003},
	edition = {5th},
	isbn = {0-13-066189-9},
}

@report{gue15,
	title = {The impact of internet conectivity on economic development in Sub Saharan Africa},
	author = {Marta Guerriero},
	institution = {EPS PEAKS},
	address = {University of Birmingham},
	year = {2015},
}

@manual{meah12,
	title = {The Impact of Internet on Economic Growth in Bangladesh [Thesis]},
	author = {Mohammed Meah},
	year = {2012},
	address = {City University of New York},
	publisher = {City College of CUNY Academic Works},
    howpublished = {\url{https://academicworks.cuny.edu/cc_etds_theses/95}},
}

@article{plm,
   author = {Yves Croissant and Giovanni Millo},
   title = {Panel Data Econometrics in R: The plm Package},
   journal = {Journal of Statistical Software, Articles},
   volume = {27},
   number = {2},
   year = {2008},
   keywords = {},
   abstract = {Panel data econometrics is obviously one of the main fields in the profession, but most of the models used are difficult to estimate with R. plm is a package for R which intends to make the estimation of linear panel models straightforward. plm provides functions to estimate a wide variety of models and to make (robust) inference.},
   issn = {1548-7660},
   pages = {1--43},
   doi = {10.18637/jss.v027.i02},
   url = {https://www.jstatsoft.org/v027/i02}
}

@article{feng16,
	title = {Internet and Economic Growth --- Evidence from Chinese Provincial Panel Data},
	author = {Yuan Feng},
	journal = {Modern Economy},
	year = {2016},
    volume = {7},
    number = {8},
	pages = {859-866},
	howpublished = "doi : \url{10.4236/me.2016.78089}",
}

@ARTICLE{choi,
title = {The effect of the Internet on economic growth: Evidence from cross-country panel data},
author = {Choi, Changkyu and Yi, Myung Hoon},
year = {2009},
journal = {Economics Letters},
volume = {105},
number = {1},
pages = {39-41},
abstract = {Using cross-country panel data, we found evidence that the Internet plays a positive and significant role in economic growth after investment ratio, government consumption ratio, and inflation were used as control variables in the growth equation.},
keywords = {Internet Growth Panel data},
url = {https://EconPapers.repec.org/RePEc:eee:ecolet:v:105:y:2009:i:1:p:39-41}
}

@article{chu,
  author = {Shan-Ying Chu},
  title = {{Internet, Economic Growth, and Recession }},
  year = {2013},
  journal = {Modern Economy},
  volume = {4},
  number = {3A},
  pages = {209-213},
  howpublished = "doi : \url{10.4236/me.2013.43A023}",
}

@Article{tidy-data,
  author = {Hadley Wickham},
  issue = {10},
  journal = {The Journal of Statistical Software},
  selected = {TRUE},
  title = {Tidy data},
  url = {http://www.jstatsoft.org/v59/i10/},
  volume = {59},
  year = {2014},
  bdsk-url-1 = {http://www.jstatsoft.org/v59/i10/},
}

@report{kemendikbud15,
	title = {Angka Partisipasi Kasar dan Angka Partisipasi Murni Tahun 2015/2016},
  	author = {Kemendikbud},
  	address = {Jakarta},
  	year = {2016},
  	isbn = {979-401-571-7},
}

@report{stattele15,
	title = {Statistik Telekomunikasi Indonesia 2015},
  	author = {{Badan Pusat Statistik}},
  	address = {Jakarta},
  	year = {2016},
 	issn = {2476-9134},
}

@report{stattele11,
	title = {Statistik Telekomunikasi Indonesia 2011},
	author = {{Badan Pusat Statistik}},
	address = {Jakarta},
	year = {2012},
	isbn = {978-979-064-481-6},
}

@misc{tabtkk,
    title = {Tabel Statis},
    author= {{Badan Pusat Statistik}},
    year = {2018},
    note = {Diakses pada tanggal 21 april 2018 \url{https://www.bps.go.id/statictable/2016/04/04%2000:00:00/1907/penduduk-berumur-15-tahun-ke-atas-menurut-provinsi-dan-jenis-kegiatan-selama-seminggu-yang-lalu-2008---2017.html}},
}

@misc{tabdimpdrb,
    title = {Tabel Dinamis},
    author= {{Badan Pusat Statistik}},
    year = {2018},
    note = {Diakses pada tanggal 30 januari 2018 melaui \url{https://www.bps.go.id/subject/171/produk-domestik-regional-bruto--pengeluaran-.html#subjekViewTab}},
}

@misc{tabdimapk,
    title = {Tabel Dinamis},
    author = {{Badan Pusat Statistik}},
    year = {2018},
    note = {Diakses pada tanggal 30 januari 2018 melalui \url{https://www.bps.go.id/subject/28/pendidikan.html#subjekViewTab5}},
}

@misc{sirusaTPT,
    title = {Sistem Rujukan Statistik},
    author = {{Badan Pusat Statistik}},
    year = {2018},
    note = {Diakses pada tanggal 2 juni 2018 melalui \url{https://sirusa.bps.go.id/index.php?r=indikator/view&id=44}},
}

@misc{sirusaTKK,
    title = {Sistem Rujukan Statistik},
    author = {{Badan Pusat Statistik}},
    year = {2018},
    note = {Diakses pada tanggal 6 juni 2018 melalui \url{https://sirusa.bps.go.id/index.php?r=indikator/view&id=257}},
}

@misc{setkab1,
    title = {Presiden Jokowi: Visi Indonesia Wujudkan Ekonomi Digital Terbesar di ASEAN},
    author = {Humas},
    year = {2016},
    note = {Diakses pada tanggal 27 mei 2018 melaui \url{setkan.go.id/presiden-jokowi-visi-indonesia-wujudkan-ekonomi-digital-terbesar-di-asean}},
}

@book{pdrb1216,
	title = {Produk Domestik Regional Bruto Provinsi-Provinsi di Indonesia Menurut Lapangan Usaha 2012 - 2016},
	author = {{Badan Pusat Statistik}},
	address = {Jakarta},
	year = {2017},
	issn = {0126-4796},
}

@book{pdrbdiy,
	title = {Produk Domestik Regional Bruto Provinsi Daerah Istimewa Yogyakarta Menurut Pengeluaran Tahun 2012 - 2016},
	author = {{Badan Pusat Statistik}},
	address = {Yogyakarta},
	year = {2017},
	isbn = {978-602-1392-51-5},
}

@book{brs16,
  title = {Berita Resmi Statistik No. 115/12Th.XIX},
  author = {{Badan Pusat Statistik}},
  year = {2016},
}

@manual{eucom07,
	title = {The Impact of ICT on the Growth of the Service Industries},
	author = {{European Commission}},
	year = {2007},
}

@article{oecd12,
   author = "OECD",
   title = "The Impact of Internet in OECD Countries",
   year = "2012",
   number = "200",
   url = "https://www.oecd-ilibrary.org/content/paper/5k962hhgpb5d-en",
   doi = "https://doi.org/https://doi.org/10.1787/5k962hhgpb5d-en"
}

@report{minges16,
	title = {Exploring the relationship between broadband and economic growth (english)},
	author = {Minges, Michael},
	year = {2016},
    address = {Washington D.C},
	institution = {World Bank},
	url = {http://documents.worldbank.org/curated/en/178701467988875888/Exploring-the-relationship-between-broadband-and-economic-growth},
}

@report{mckinsey,
	title = {The great transformer: The impact of the Internet on economic growth and prosperity},
	author = {{McKinsey Global Institute}},
	year = {2011},
}

@article{inference-infovis,
    author = "Hadley Wichkam and Dianne Cook and Heike Hifmann and Andreas Buja",
    year = "2010",
    title = "Graphical inference for infovis",
    journal = "IEEE Transactions on visualization and Computer Graphics (Proc.InfoVis '10)",
    volume = "16",
    pages = "973-979",
    number = "6",
    selected = {TRUE},
    bdsk-url-1 = {http://dx.doi.org/10.1109/TVCG.2010.161},
}

@article{oecd16,
   author = "OECD",
   title = "Economic and Social Benefits of Internet Openness",
   journal = "OECD Digital Economy Papers",
   year = "2016",
   number = "257",
   address = "Paris",
    publisher = "OECD Publishing",
    howpublished = "\url{https://www.oecd-ilibrary.org/content/paper/5jlwqf2r97g5-en"}",
   doi = "https://doi.org/https://doi.org/10.1787/5jlwqf2r97g5-en",
}

@article{nasab09,
author = {Hosseini Nasab, Ebrahim and Aghaei, Majid},
year = {2009},
month = {01},
pages = {},
title = {The Effect of ICT on Economic Growth: Further Evidence},
volume = {5},
booktitle = {International Bulletin of Business Administration},
}
